@article{ParticleFilterColorObjects,
title = "A particle filter for joint detection and tracking of color objects",
journal = "Image and Vision Computing",
volume = "25",
number = "8",
pages = "1271 - 1281",
year = "2007",
author = "Jacek Czyz and Branko Ristic and Benoit Macq",
}

@INPROCEEDINGS{LayeredGraphicalModels, 
author={Ablavsky, V. and Thangali, A. and Sclaroff, S.}, 
booktitle={IEEE Conference on Computer Vision and Pattern Recognition (CVPR)}, 
title={Layered graphical models for tracking partially-occluded objects}, 
year={2008}, 
}

@ARTICLE{TrackingOcclusionsGraphCuts, 
author={Papadakis, N. and Bugeau, A.}, 
journal= IEEE_J_PAMI, 
title={Tracking with Occlusions via Graph Cuts}, 
year={2011}, 
month={Jan. }, 
volume={33}, 
number={1}, 
pages={144 -157}, 
}

@ARTICLE{TrackingDeformingObjects, 
author={Rathi, Y. and Vaswani, N. and Tannenbaum, A. and Yezzi, A.}, 
journal={IEEE Transactions on Pattern Analysis and Machine Intelligence }, 
title={Tracking Deforming Objects Using Particle Filtering for Geometric Active Contours}, 
year={2007}, 
month={aug. }, 
volume={29}, 
number={8}, 
pages={1470 -1475}, 
}


@INPROCEEDINGS{SegTrackRegions, 
author={Brendel, W. and Todorovic, S.}, 
booktitle={IEEE International Conference on Computer Vision (ICCV)}, 
title={Video object segmentation by tracking regions}, 
year={2009}, 
}


@ARTICLE{TrackingVideoCluttered, 
author={Cavallaro, A. and Steiger, O. and Ebrahimi, T.}, 
journal={IEEE Transactions on Circuits and Systems for Video Technology}, 
title={Tracking video objects in cluttered background}, 
year={2005}, 
month={april}, 
volume={15}, 
number={4}, 
pages={ 575 - 584}, 
}


@ARTICLE{TrackingMultipleParticleFiltering, 
author={Hue, C. and Le Cadre, J.-P. and Perez, P.}, 
journal={IEEE Transactions on Aerospace and Electronic Systems}, 
title={Tracking multiple objects with particle filtering}, 
year={2002}, 
month={jul}, 
volume={38}, 
number={3}, 
pages={ 791 - 812},
}

@ARTICLE{TutorialParticleFilters, 
author={Arulampalam, M.S. and Maskell, S. and Gordon, N. and Clapp, T.}, 
journal={IEEE Transactions on Signal Processing}, 
title={A tutorial on particle filters for online nonlinear/non-Gaussian Bayesian tracking}, 
year={2002}, 
month={feb}, 
volume={50}, 
number={2}, 
pages={174 -188}, 
}

@ARTICLE{SequentialMonteCarloMultitargetFiltering, 
author={Vo, B.-N. and Singh, S. and Doucet, A.}, 
journal={IEEE Transactions on Aerospace and Electronic Systems,}, 
title={Sequential Monte Carlo methods for multitarget filtering with random finite sets}, 
year={2005}, 
month={oct.}, 
volume={41}, 
number={4}, 
pages={ 1224 - 1245}, 
}

@INPROCEEDINGS{EfficientHierarchical, 
author={Grundmann, M. and Kwatra, V. and Mei Han and Essa, I.}, 
booktitle={IEEE Conference on Computer Vision and Pattern Recognition (CVPR)}, 
title={Efficient hierarchical graph-based video segmentation}, 
year={2010}, 
}

@incollection{MSVS,
   author = {Paris, Sylvain},
   title = {Edge-Preserving Smoothing and Mean-Shift Segmentation of Video Streams},
   booktitle = {European Conference on Computer Vision (ECCV)},
   series = {Lecture Notes in Computer Science},
   editor = {Forsyth, David and Torr, Philip and Zisserman, Andrew},
   publisher = {Springer Berlin / Heidelberg},
   pages = {460-473},
   volume = {5303},
   year = {2008}
}

@incollection{MHVS,
   author = {Vazquez-Reina, Amelio and Avidan, Shai and Pfister, Hanspeter and Miller, Eric},
   title = {Multiple Hypothesis Video Segmentation from Superpixel Flows},
   booktitle = {European Conference on Computer Vision (ECCV)},
   series = {Lecture Notes in Computer Science},
   editor = {Daniilidis, Kostas and Maragos, Petros and Paragios, Nikos},
   publisher = {Springer Berlin / Heidelberg},
   pages = {268-281},
   volume = {6315},
   year = {2010}
}

@INPROCEEDINGS{MatchingUnstable, 
author={Hedau, V. and Arora, H. and Ahuja, N.}, 
booktitle={IEEE Conference on Computer Vision and Pattern Recognition (CVPR)}, 
title={Matching images under unstable segmentations}, 
year={2008}, 
month={june}, 
}

@INPROCEEDINGS{PropValAgg, 
author={Siying Liu and Guo Dong and Chye Hwang Yan and Sim Heng Ong}, 
booktitle={IEEE Conference on Computer Vision and Pattern Recognition (CVPR)}, 
title={Video segmentation: Propagation, validation and aggregation of a preceding graph}, 
year={2008}, 
}

@INPROCEEDINGS{ORF, 
author={Saffari, A. and Leistner, C. and Santner, J. and Godec, M. and Bischof, H.}, 
booktitle={IEEE International Conference on Computer Vision Workshops (ICCV Workshops)}, 
title={On-line Random Forests}, 
year={2009}, 
}

@INPROCEEDINGS{PROST, 
author={Santner, J. and Leistner, C. and Saffari, A. and Pock, T. and Bischof, H.}, 
booktitle={IEEE Conference on Computer Vision and Pattern Recognition (CVPR)}, 
title={PROST: Parallel robust online simple tracking}, 
year={2010}, 
}

@INPROCEEDINGS{MilTrack, 
author={Babenko, B. and Ming-Hsuan Yang and Belongie, S.}, 
booktitle={IEEE Conference on Computer Vision and Pattern Recognition (CVPR)}, 
title={Visual tracking with online Multiple Instance Learning}, 
year={2009}, 
}

@INPROCEEDINGS{FragTrack, 
author={ Adam, A. and Rivlin, E. and Shimshoni, I.}, 
booktitle={IEEE Conference on Computer Vision and Pattern Recognition (CVPR)}, 
title={Robust Fragments-based Tracking using the Integral Histogram}, 
year={2006}, 
}

@ARTICLE{MonteCarloMTT, 
author={Vermaak, J. and Godsill, S.J. and Perez, P.}, 
journal={IEEE Transactions on Aerospace and Electronic Systems}, 
title={Monte Carlo filtering for multi target tracking and data association}, 
year={2005}, 
month={jan.}, 
volume={41}, 
number={1}, 
pages={ 309 - 332}, 
}

@INPROCEEDINGS{Abramov_3DSegmentation,
        AUTHOR = "Abramov, Alexey and Aksoy, {Eren Erdal} and D{\"o}rr, Johannes and W{\"o}rg{\"o}tter, Florentin and Pauwels, Karl and Dellen, Babette",
        TITLE = "3d semantic representation of actions from efficient stereo-image-sequence segmentation on GPUs",
        BOOKTITLE = "International Symposium 3D Data Processing, Visualization and Transmission",
        YEAR = {2010}
        }
        
@incollection {ColorBasedProbabilisticTracking,
   author = {PÃ©rez, P. and Hue, C. and Vermaak, J. and Gangnet, M.},
   title = {Color-Based Probabilistic Tracking},
   booktitle = {European Conference on Computer Vision (ECCV)},
   series = {Lecture Notes in Computer Science},
   editor = {Heyden, Anders and Sparr, Gunnar and Nielsen, Mads and Johansen, Peter},
   publisher = {Springer Berlin / Heidelberg},
   pages = {661-675},
   volume = {2350},
   year = {2002}
}

@article{AdaptiveColor-basedPF,
title = "An adaptive color-based particle filter",
journal = "Image and Vision Computing",
volume = "21",
number = "1",
pages = "99 - 110",
year = "2003",
note = "",
author = "Katja Nummiaro and Esther Koller-Meier and Luc Van Gool",
}

@book{Doucet2001,
    editor = {Doucet, Arnaud and De Freitas, Nando and Gordon, Neil},
    title = {{Sequential Monte Carlo methods in practice}},
    year = {2001}
}

@INPROCEEDINGS{Real-timeTrackingMeanShift, 
author={Comaniciu, D. and Ramesh, V. and Meer, P.}, 
booktitle={IEEE Conference on Computer Vision and Pattern Recognition (CVPR)}, 
title={Real-time tracking of non-rigid objects using mean shift}, 
year={2000}, 
}

@ARTICLE{Blatt_SuperClustering,
        AUTHOR = "Blatt, M. and Wiseman, S. and Domany, E.",
        TITLE="Superparamagnetic clustering of data",
        JOURNAL="Physical Review Letters",
        YEAR = {1996},
        PAGES = "3251-3254",
        VOLUME ={76},
        NUMBER = {18}
        }


@INPROCEEDINGS{SegTrackingHumans, 
author={Tao Zhao and Nevatia, R. and Fengjun Lv}, 
booktitle={IEEE Conference on Computer Vision and Pattern Recognition (CVPR)}, 
title={Segmentation and tracking of multiple humans in complex situations}, 
year={2001}, 
}


        
