@inproceedings{PaponIros2013,
  author={Papon, Jeremie and Kulvicius, Tomas and Aksoy, Eren Erdal and W\"{o}rg\"{o}tter, Florentin },
  title={Point Cloud Video Object Segmentation using a Persistent Supervoxel World-Model},
  booktitle={Intelligent Robots and Systems (IROS), 2013 IEEE/RSJ International Conference on},
  pages={},
  year={2013},
  organization={IEEE}
}

@INPROCEEDINGS{VCCS_Papon_2013, 
author={Jeremie Papon and Alexey Abramov and Markus Schoeler and Florentin W\"{o}rg\"{o}tter}, 
booktitle={Computer Vision and Pattern Recognition (CVPR), 2013 IEEE Conference on},
title={Voxel Cloud Connectivity Segmentation - Supervoxels for Point Clouds}, 
year={2013}, 
month={june}, 
}


@INPROCEEDINGS{Oculus_Papon_2012, 
author={Jeremie Papon and Alexey Abramov and Eren Aksoy and Florentin W\"{o}rg\"{o}tter}, 
booktitle={Applications of Computer Vision (WACV), 2012 IEEE Workshop on}, 
title={A Modular System Architecture for Online Parallel Vision Pipelines}, 
year={2012}, 
month={jan.}, 
volume={}, 
number={}, 
pages={361-368}, 
}

@incollection{PartFilter_Papon_2012,
year={2012},
isbn={978-3-642-33884-7},
booktitle={Computer Vision â€“ ECCV 2012. Workshops and Demonstrations},
volume={7585},
series={Lecture Notes in Computer Science},
editor={Fusiello, Andrea and Murino, Vittorio and Cucchiara, Rita},
doi={10.1007/978-3-642-33885-4_24},
title={Occlusion Handling in Video Segmentation via Predictive Feedback},
publisher={Springer Berlin Heidelberg},
author={Jeremie Papon and Alexey Abramov and Florentin W\"{o}rg\"{o}tter},
pages={233-242}
}

@INPROCEEDINGS{Abramov_WACV12, 
author={Abramov, A. and Pauwels, K. and Papon, J. and Worgotter, F. and Dellen, B.}, 
booktitle={Applications of Computer Vision (WACV), 2012 IEEE Workshop on}, 
title={Depth-supported real-time video segmentation with the Kinect}, 
year={2012}, 
month={Jan}, 
pages={457-464}, 
keywords={graphics processing units;image colour analysis;image segmentation;image sequences;iterative methods;video signal processing;GPU;Microsoft Kinect;Potts model;color-depth movies;depth supported real time video segmentation;human manipulations;industrial settings;iterations;obtained segment label warping;parallel Metropolis algorithm;real time optical flow;robot labs;spatiotemporal segmentation;Calibration;Cameras;Image color analysis;Image segmentation;Kernel;Optical imaging;Streaming media}, 
doi={10.1109/WACV.2012.6163000}, 
ISSN={1550-5790},}

@ARTICLE{Abramov_RealtimeSegmentation, 
author={Abramov, A. and Pauwels, K. and Papon, J. and Worgotter, F. and Dellen, B.}, 
journal={Circuits and Systems for Video Technology, IEEE Transactions on}, 
title={Real-Time Segmentation of Stereo Videos on a Portable System With a Mobile GPU}, 
year={2012}, 
month={Sept}, 
volume={22}, 
number={9}, 
pages={1292-1305}, 
keywords={graphics processing units;image motion analysis;image segmentation;image sequences;mobile robots;object recognition;robot vision;stereo image processing;video signal processing;image segmentation;integrated mobile graphics processing unit;mobile GPU;mobile robotic applications;mobile system;model-free spatiotemporal segmentation;moving camera;object manipulation recognition;portable system;real-time optical flow;real-time segmentation;stereo video segmentation;visual front end;visual information;visual servoing;Graphics processing unit;Image color analysis;Image segmentation;Mobile communication;Real time systems;Videos;Visualization;Mobile systems;stereo segmentation;visual front end}, 
doi={10.1109/TCSVT.2012.2199389}, 
ISSN={1051-8215},}