@inproceedings{Martinez2014,
 author = {Martinez, D. and Alenya, G. and Jimenez, P. and Torras, C. and Rossmann, J. and Wantia, N. and Aksoy, E. E. and Haller, S. and Piater, J.},
 booktitle = {IEEE Int Conf Robotics and Automation (ICRA)},
 title = {Active learning of manipulation sequences},
 year = {2014},
}

@inproceedings{Schou2012,
 author = {Schou, C. and Car{\o}e, C. F. and Hvilsh{\o}j, M. and Damgaard, J. S. and B{\o}gh, S. and Madsen, O.},
 booktitle = {AAU Workshop on Human-Centered Robotics},
 title = {Human assisted instructing of autonomous industrial mobile manipulator and its qualitative assessment},
 pages = {22--28},
 year = {2012},
}

@inproceedings{Butler2012,
  title={Shake'n'sense: reducing interference for overlapping structured light depth cameras},
  author={Butler, D Alex and Izadi, Shahram and Hilliges, Otmar and Molyneaux, David and Hodges, Steve and Kim, David},
  booktitle={Proceedings of the 2012 ACM annual conference on Human Factors in Computing Systems},
  pages={1933--1936},
  year={2012},
  organization={ACM}
}

@inproceedings{Collins1985,
 author = {Collins, K. and Palmer, A.~J. and Rathmill, K.}, 
 booktitle = {Robot technology and applications (Robotics Europe Conference)},
 title = {The Development of a {European} benchmark for the comparison of assembly robot programming systems},
 pages = {187--199},
 year = {1985},
}

@INPROCEEDINGS{MTT_JPDA, 
author={Fortmann, T.E. and Bar-Shalom, Y. and Scheffe, M.}, 
booktitle={Decision and Control including the Symposium on Adaptive Processes, 1980 19th IEEE Conference on}, 
title={Multi-target tracking using joint probabilistic data association}, 
year={1980}, 
month={Dec}, 
volume={19}, 
pages={807-812}, 
keywords={Acoustic measurements;Acoustic sensors;Acoustic signal detection;Clutter;Event detection;Fasteners;Particle measurements;Personal digital assistants;Sea measurements;Target tracking}, 
}

@article{Condensation98,
year={1998},
journal={International Journal of Computer Vision},
volume={29},
number={1},
title={CONDENSATION—Conditional Density Propagation for Visual Tracking},
publisher={Kluwer Academic Publishers},
author={Isard, Michael and Blake, Andrew},
pages={5-28},
language={English},
}

@INPROCEEDINGS{MultiMixtureTracking03, 
author={Vermaak, J. and Doucet, Arnaud and Perez, P.}, 
booktitle={Computer Vision, 2003. Proceedings. Ninth IEEE International Conference on}, 
title={Maintaining multimodality through mixture tracking}, 
year={2003}, 
month={Oct}, 
pages={1110-1116 vol.2}, 
keywords={Bayes methods;Monte Carlo methods;computer vision;image sequences;object detection;recursive estimation;target tracking;Bayesian sequential estimation;Monte Carlo methods;aircraft tracking;face tracking;mixture tracking;mixture weights;mobile robot;nonGaussian models;nonparametric mixture model;particle filters;posterior multimodality;target distributions;tracking recursion;video sequence;Bayesian methods;Computer vision;Filtering;Laser radar;Monte Carlo methods;Particle filters;Radar tracking;Recursive estimation;Target tracking;Video sequences}, 
}

@INPROCEEDINGS{TrackMultTargets01, 
author={Schulz, D. and Burgard, W. and Fox, D. and Cremers, A.B.}, 
booktitle={Robotics and Automation, 2001. Proceedings 2001 ICRA. IEEE International Conference on}, 
title={Tracking multiple moving targets with a mobile robot using particle filters and statistical data association}, 
year={2001}, 
month={}, 
volume={2}, 
pages={1665-1670 vol.2}, 
keywords={feature extraction;filtering theory;laser ranging;mobile robots;object recognition;probability;state estimation;target tracking;feature extraction;joint probabilistic data association filters;laser ranging;mobile robot;multiple moving target tracking;occlusions;particle filters;state estimation;statistical data association;Computer science;Humans;Mobile computing;Mobile robots;Object detection;Particle filters;Particle tracking;Robot sensing systems;State estimation;Target tracking}, 
}


@ARTICLE{MCMCPartFilt_05, 
author={Zia Khan and Balch, T. and Dellaert, F.}, 
journal={Pattern Analysis and Machine Intelligence, IEEE Transactions on}, 
title={MCMC-based particle filtering for tracking a variable number of interacting targets}, 
year={2005}, 
month={Nov}, 
volume={27}, 
number={11}, 
pages={1805-1819}, 
keywords={Markov processes;Monte Carlo methods;filtering theory;sampling methods;target tracking;Markov chain Monte Carlo sampling step;Markov random field motion;interacting targets;multitarget filter;particle filtering;Animals;Computer vision;Filtering;Insects;Markov random fields;Monte Carlo methods;Particle filters;Particle tracking;Sampling methods;Target tracking;Index Terms- Particle filters;Markov chain Monte Carlo.;Markov random fields;multitarget tracking;Algorithms;Animals;Artificial Intelligence;Computer Simulation;Humans;Image Enhancement;Image Interpretation, Computer-Assisted;Information Storage and Retrieval;Markov Chains;Models, Biological;Models, Statistical;Monte Carlo Method;Motion;Movement;Pattern Recognition, Automated;Subtraction Technique;Video Recording}, 
}

@ARTICLE{ApproxMultiTrack_06, 
author={Lanz, O.}, 
journal={Pattern Analysis and Machine Intelligence, IEEE Transactions on}, 
title={Approximate Bayesian multibody tracking}, 
year={2006}, 
month={Sept}, 
volume={28}, 
number={9}, 
pages={1436-1449}, 
keywords={Bayes methods;Markov processes;approximation theory;hidden feature removal;image processing;particle filtering (numerical methods);target tracking;Bayesian multibody tracking;Markov random field approximation;hybrid joint-separable filter;multiple targets;occlusion reasoning;particle filter;visual tracking;Approximation algorithms;Bayesian methods;Computational efficiency;Computational modeling;Inference algorithms;Markov random fields;Particle filters;Particle tracking;Robustness;Target tracking;Bayes filter;Computer vision;approximate inference;occlusion;particle filter.;tracking}, 
}

@incollection{RobustVTMT_06,
year={2006},
booktitle={Computer Vision – ECCV 2006},
volume={3954},
series={Lecture Notes in Computer Science},
editor={Leonardis, Aleš and Bischof, Horst and Pinz, Axel},
doi={10.1007/11744085_9},
title={Robust Visual Tracking for Multiple Targets},
publisher={Springer Berlin Heidelberg},
author={Cai, Yizheng and Freitas, Nando and Little, JamesJ.},
pages={107-118}
}

@article{DetTrackMultiHumans_07,
year={2007},
issn={0920-5691},
journal={International Journal of Computer Vision},
volume={75},
number={2},
title={Detection and Tracking of Multiple, Partially Occluded Humans by Bayesian Combination of Edgelet based Part Detectors},
publisher={Springer US},
keywords={human detection; human tracking; AdaBoost},
author={Wu, Bo and Nevatia, Ram},
pages={247-266},
language={English}
}


@ARTICLE{MultipersonTBD_011, 
author={Breitenstein, M.D. and Reichlin, F. and Leibe, B. and Koller-Meier, E. and Van Gool, L.}, 
journal={Pattern Analysis and Machine Intelligence, IEEE Transactions on}, 
title={Online Multiperson Tracking-by-Detection from a Single, Uncalibrated Camera}, 
year={2011}, 
month={Sept}, 
volume={33}, 
number={9}, 
pages={1820-1833}, 
keywords={hidden feature removal;image classification;image motion analysis;object detection;object tracking;particle filtering (numerical methods);traffic engineering computing;video cameras;complex scenes;continuous confidence;generic object category knowledge;graded observation model;high-confidence detection;instance specific information;monocular uncalibrated camera;occlusion;online multiperson tracking by detection;online trained instance specific classifier;particle filtering;pedestrian detectors;Cameras;Detectors;Gaussian distribution;Heuristic algorithms;Motion analysis;Object detection;Target tracking;Multi-object tracking;detector confidence;detector confidence particle filter;online learning;particle filtering;pedestrian detection;sequential Monte Carlo estimation;sports analysis;surveillance;tracking-by-detection;traffic safety.}, 
}


@ARTICLE{SonarMultiTrack_83, 
author={Fortmann, Thomas E. and Bar-Shalom, Y. and Scheffe, M.}, 
journal={Oceanic Engineering, IEEE Journal of}, 
title={Sonar tracking of multiple targets using joint probabilistic data association}, 
year={1983}, 
month={Jul}, 
volume={8}, 
number={3}, 
pages={173-184}, 
keywords={Kalman filtering;Poisson distributions;Sonar tracking;Acoustic sensors;Acoustic signal detection;Clutter;Density measurement;Personal digital assistants;Sea measurements;Sonar applications;Sonar measurements;State estimation;Target tracking}, 
}


@ARTICLE{MultiTrack_79, 
author={Reid, D.B.}, 
journal={Automatic Control, IEEE Transactions on}, 
title={An algorithm for tracking multiple targets}, 
year={1979}, 
month={Dec}, 
volume={24}, 
number={6}, 
pages={843-854}, 
keywords={Bayes procedures;Tracking;Air traffic control;Clustering algorithms;Land vehicles;Marine vehicles;Military aircraft;Probability;Radar detection;Radar tracking;Sea measurements;Target tracking}, 
}